@article{press,
  author = {Jeremiah Dittmar},
  title = {Information Technology and Economic Change: The Impact: of The Printing Press},
  journal = {The Quarterly Journal of Economics},
  volume = {30},
  number = {10},
  pages = {1133-1172},
  year = {2011}
}

@article{ams,
  author = {Bill Casselman},
  title = {From B\'{e}zier to Bernstein},
  journal = {American Mathematical Society},
  volume = {39},
  number = {6},
  pages = {1087-1097},
  year = {1984}
}

@book{handbook,
  author = {G. Farin, J. Hoschek, M.-S. Kim},
  title = {Handbook of Computer Aided Geometric Design},
  edition = {1},
  publisher = {Elsevier Science B.V.},
  address = {Amsterdam, The Netherlands},
  year = {2002}
}

@book{mit,
  author = {Nicholas M. Patrikalakis, Takashi Maekawa, Wonjoon Cho},
  title = {Shape Interrogation for Computer Aided Design and Manufacturing},
  edition = {1},
  publisher = {Massachusetts Institute of Technology},
  year = {2009}
}